@misc{universal-portfolios,
  author = {Marigold},
  title = {universal-portfolios},
  year = {2017},
  publisher = {GitHub},
  journal = {GitHub repository},
  howpublished = {\url{https://github.com/Marigold/universal-portfolios}}
}

@ARTICLE {shannon1,
author = {Shannon, C. E.},
title = {A Mathematical Theory of Communication},
journal = {Bell System Technical Journal},
volume = {27},
number = {3},
publisher = {Blackwell Publishing Ltd},
issn = {1538-7305},
url = {http://dx.doi.org/10.1002/j.1538-7305.1948.tb01338.x},
doi = {10.1002/j.1538-7305.1948.tb01338.x},
pages = {379--423},
year = {1948},
}

@ARTICLE{ahlswede1,
author={R. Ahlswede and I. Csiszar}, 
journal={IEEE Transactions on Information Theory}, 
title={Common randomness in information theory and cryptography. I. Secret sharing}, 
year={1993}, 
volume={39}, 
number={4}, 
pages={1121-1132}, 
keywords={cryptography;information theory;common random key;common randomness;cryptography;eavesdropper;information theory;key-capacity;secret sharing;secure communication;Availability;Codes;Computational complexity;Cryptography;Feedback;Information theory;Mathematics}, 
doi={10.1109/18.243431}, 
ISSN={0018-9448}, 
month={Jul},}

@INPROCEEDINGS{alvim1, 
author={M. S. Alvim and K. Chatzikokolakis and C. Palamidessi and G. Smith}, 
booktitle={2012 IEEE 25th Computer Security Foundations Symposium}, 
title={Measuring Information Leakage Using Generalized Gain Functions}, 
year={2012}, 
volume={}, 
number={}, 
pages={265-279}, 
keywords={entropy;probability;security of data;Shannon capacity;deterministic channels;g-capacity;g-leakage;generalized gain functions;information lattice;information leakage measurement;min-capacity;min-entropy model;probabilistic channels;quantitative information flow;secret property guessing;Computer security;Databases;Entropy;Gain measurement;Lattices;Probabilistic logic}, 
doi={10.1109/CSF.2012.26}, 
ISSN={1063-6900}, 
month={June},}

@ARTICLE {markowitz1,
author = {Markowitz, Harry},
title = {PORTFOLIO SELECTION*},
journal = {The Journal of Finance},
volume = {7},
number = {1},
publisher = {Blackwell Publishing Ltd},
issn = {1540-6261},
url = {http://dx.doi.org/10.1111/j.1540-6261.1952.tb01525.x},
doi = {10.1111/j.1540-6261.1952.tb01525.x},
pages = {77--91},
year = {1952},
}

@ARTICLE{kelly1, 
author={J. L. Kelly}, 
journal={The Bell System Technical Journal}, 
title={A new interpretation of information rate}, 
year={1956}, 
volume={35}, 
number={4}, 
pages={917-926}, 
keywords={}, 
doi={10.1002/j.1538-7305.1956.tb03809.x}, 
ISSN={0005-8580}, 
month={July},}

@BOOK{witten1,
  title={Data Mining: Practical Machine Learning Tools and Techniques},
  author={Witten, I.H. and Frank, E. and Hall, M.A. and Pal, C.J.},
  isbn={9780128043578},
  series={The Morgan Kaufmann Series in Data Management Systems},
  url={https://books.google.com.br/books?id=1SylCgAAQBAJ},
  year={2016},
  publisher={Elsevier Science}
}



@ARTICLE{braams:babel,
	AUTHOR = "Johannes Braams",
	TITLE = "Babel, a Multilingual Style-Option System for Use with LaTeX's Standard Document Styles",
	JOURNAL = {TUGboat},
	VOLUME = {12},
	NUMBER = {2},
	PAGES = {291-301},
	MONTH = "June",
	YEAR = {1991}	}

@INPROCEEDINGS{clark:pct,
	AUTHOR = "Malcolm Clark",
	TITLE = "Post Congress Tristesse",
	BOOKTITLE = "TeX90 Conference Proceedings",
	PAGES = "84-89",
	ORGANIZATION = "TeX Users Group",
	MONTH = "March", 
	YEAR = {1991}	}

@ARTICLE{herlihy:methodology,
	AUTHOR = "Maurice Herlihy",
	TITLE = "A Methodology for Implementing Highly Concurrent
	Data Objects",
	JOURNAL = {ACM Trans. Program. Lang. Syst.},
	VOLUME = {15},
	NUMBER = {5},
	PAGES = {745-770},
	MONTH = "November",
	YEAR = {1993}	}
	
@ARTICLE{luke1,
	AUTHOR = "Luke Vercimak",
	TITLE = "Gambling and Portfolio Selection using
Information theory",
	JOURNAL = {},
	VOLUME = {},
	NUMBER = {},
	PAGES = {},
	MONTH = "",
	YEAR = {}	}
	
@BOOK{Lamport:LaTeX,
	AUTHOR = "Leslie Lamport",
	TITLE = "LaTeX User's Guide and Document Reference Manual",
	PUBLISHER = "Addison-Wesley Publishing Company",
	ADDRESS = "Reading, Massachusetts",
	YEAR = "1986"	}

@BOOK{salas:calculus,
	AUTHOR = "S.L. Salas and Einar Hille",
	TITLE = "Calculus: One and Several Variable",
	PUBLISHER = "John Wiley and Sons",
	ADDRESS = "New York",
	YEAR = "1978"	}



@book{Cover:2006:EIT:1146355,
 author = {Cover, Thomas M. and Thomas, Joy A.},
 title = {Elements of Information Theory (Wiley Series in Telecommunications and Signal Processing)},
 year = {2006},
 isbn = {0471241954},
 publisher = {Wiley-Interscience},
} 

@article{vercimakgambling,
  title={Gambling and Portfolio Selection using Information theory},
  author={Vercimak, Luke}
}